%YAML 1.1
%TAG !u! tag:unity3d.com,2011:
--- !u!1 &2168966039263921254
GameObject:
  m_ObjectHideFlags: 0
  m_CorrespondingSourceObject: {fileID: 0}
  m_PrefabInstance: {fileID: 0}
  m_PrefabAsset: {fileID: 0}
  serializedVersion: 6
  m_Component:
  - component: {fileID: 2901143644480255605}
  - component: {fileID: 6132187974121524291}
  - component: {fileID: 442866869538681018}
  - component: {fileID: -4679161675137735745}
  - component: {fileID: -2052033564443366728}
  - component: {fileID: -509542016987221943}
  - component: {fileID: -6850298101606342458}
  - component: {fileID: -7453841460487250217}
  m_Layer: 0
  m_Name: ElectricMotor
  m_TagString: Buildable
  m_Icon: {fileID: 0}
  m_NavMeshLayer: 0
  m_StaticEditorFlags: 0
  m_IsActive: 1
--- !u!4 &2901143644480255605
Transform:
  m_ObjectHideFlags: 0
  m_CorrespondingSourceObject: {fileID: 0}
  m_PrefabInstance: {fileID: 0}
  m_PrefabAsset: {fileID: 0}
  m_GameObject: {fileID: 2168966039263921254}
  m_LocalRotation: {x: -0.7071068, y: 0, z: -0, w: 0.7071068}
  m_LocalPosition: {x: -0, y: 0, z: 0}
  m_LocalScale: {x: 1, y: 1, z: 1}
  m_Children: []
  m_Father: {fileID: 0}
  m_RootOrder: 0
  m_LocalEulerAnglesHint: {x: 0, y: 0, z: 0}
--- !u!33 &6132187974121524291
MeshFilter:
  m_ObjectHideFlags: 0
  m_CorrespondingSourceObject: {fileID: 0}
  m_PrefabInstance: {fileID: 0}
  m_PrefabAsset: {fileID: 0}
  m_GameObject: {fileID: 2168966039263921254}
  m_Mesh: {fileID: 4931539953343255144, guid: 88af2c26f25f22bc0a562db2f7cda78e, type: 3}
--- !u!23 &442866869538681018
MeshRenderer:
  m_ObjectHideFlags: 0
  m_CorrespondingSourceObject: {fileID: 0}
  m_PrefabInstance: {fileID: 0}
  m_PrefabAsset: {fileID: 0}
  m_GameObject: {fileID: 2168966039263921254}
  m_Enabled: 1
  m_CastShadows: 1
  m_ReceiveShadows: 1
  m_DynamicOccludee: 1
  m_MotionVectors: 1
  m_LightProbeUsage: 1
  m_ReflectionProbeUsage: 1
  m_RayTracingMode: 2
  m_RenderingLayerMask: 1
  m_RendererPriority: 0
  m_Materials:
  - {fileID: 2100000, guid: c998ab8c26dc6444bb949b51f703f488, type: 2}
  - {fileID: 2100000, guid: 3a6f2475c044a0a37b7ea4be3b6c9398, type: 2}
  m_StaticBatchInfo:
    firstSubMesh: 0
    subMeshCount: 0
  m_StaticBatchRoot: {fileID: 0}
  m_ProbeAnchor: {fileID: 0}
  m_LightProbeVolumeOverride: {fileID: 0}
  m_ScaleInLightmap: 1
  m_ReceiveGI: 1
  m_PreserveUVs: 0
  m_IgnoreNormalsForChartDetection: 0
  m_ImportantGI: 0
  m_StitchLightmapSeams: 1
  m_SelectedEditorRenderState: 3
  m_MinimumChartSize: 4
  m_AutoUVMaxDistance: 0.5
  m_AutoUVMaxAngle: 89
  m_LightmapParameters: {fileID: 0}
  m_SortingLayerID: 0
  m_SortingLayer: 0
  m_SortingOrder: 0
--- !u!114 &-4679161675137735745
MonoBehaviour:
  m_ObjectHideFlags: 0
  m_CorrespondingSourceObject: {fileID: 0}
  m_PrefabInstance: {fileID: 0}
  m_PrefabAsset: {fileID: 0}
  m_GameObject: {fileID: 2168966039263921254}
  m_Enabled: 1
  m_EditorHideFlags: 0
  m_Script: {fileID: 11500000, guid: 94b365b2405ac2369907174f8a34e6c9, type: 3}
  m_Name: 
  m_EditorClassIdentifier: 
  blockID: 30
  Durability: 100
  mass: 25
  explosive: 0
  mounts:
    halfExtents: {x: 0.5, y: 0.5, z: 0.5}
    defaultSide: 1
  isGenerator: 0
  maxPower: 35000
  engineIDs: 1d000000
  dutyCycle: 0
--- !u!114 &-2052033564443366728
MonoBehaviour:
  m_ObjectHideFlags: 0
  m_CorrespondingSourceObject: {fileID: 0}
  m_PrefabInstance: {fileID: 0}
  m_PrefabAsset: {fileID: 0}
  m_GameObject: {fileID: 2168966039263921254}
  m_Enabled: 1
  m_EditorHideFlags: 0
  m_Script: {fileID: 11500000, guid: c0661d055a4d4c62599097a8800fb481, type: 3}
  m_Name: 
  m_EditorClassIdentifier: 
  type: 0
  inputNeed: 0
  maxOutput: 0
  currentOutput: 0
  isTurnedOn: 0
--- !u!114 &-509542016987221943
MonoBehaviour:
  m_ObjectHideFlags: 0
  m_CorrespondingSourceObject: {fileID: 0}
  m_PrefabInstance: {fileID: 0}
  m_PrefabAsset: {fileID: 0}
  m_GameObject: {fileID: 2168966039263921254}
  m_Enabled: 1
  m_EditorHideFlags: 0
  m_Script: {fileID: 11500000, guid: f8258ea15b8f74c4889ce485d21cbbb1, type: 3}
  m_Name: 
  m_EditorClassIdentifier: 
  m_SceneId:
    m_Value: 0
  m_AssetId:
    i0: 0
    i1: 0
    i2: 0
    i3: 0
    i4: 0
    i5: 0
    i6: 0
    i7: 0
    i8: 0
    i9: 0
    i10: 0
    i11: 0
    i12: 0
    i13: 0
    i14: 0
    i15: 0
  m_ServerOnly: 0
  m_LocalPlayerAuthority: 0
--- !u!114 &-6850298101606342458
MonoBehaviour:
  m_ObjectHideFlags: 0
  m_CorrespondingSourceObject: {fileID: 0}
  m_PrefabInstance: {fileID: 0}
  m_PrefabAsset: {fileID: 0}
  m_GameObject: {fileID: 2168966039263921254}
  m_Enabled: 1
  m_EditorHideFlags: 0
  m_Script: {fileID: 11500000, guid: 4ea90cb1397db4baba3527fc5b092737, type: 3}
  m_Name: 
  m_EditorClassIdentifier: 
--- !u!65 &-7453841460487250217
BoxCollider:
  m_ObjectHideFlags: 0
  m_CorrespondingSourceObject: {fileID: 0}
  m_PrefabInstance: {fileID: 0}
  m_PrefabAsset: {fileID: 0}
  m_GameObject: {fileID: 2168966039263921254}
  m_Material: {fileID: 0}
  m_IsTrigger: 0
  m_Enabled: 1
  serializedVersion: 2
  m_Size: {x: 1.0000001, y: 1.0000002, z: 1.0000004}
  m_Center: {x: 0, y: 0, z: 0}
